@book{Dur.11,
 author = {D{\"u}rrnagel},
 year = {2011},
 title = {Management des Liquidit{\"a}tsrisikos in Banken: Analyse und Beurteilung der Methoden zur Liquidit{\"a}tsrisikomessung unter Ber{\"u}cksichtigung bankaufsichtlicher Richtlinien},
 address = {Hamburg},
 publisher = {Diplomica Verlag},
 isbn = {978-3-8428-6186-2}
}


