%
%
%
% 
%
% Joerg Baumgart
%
%
% ein paar Literatureintr\"age zum Thema Wissenschaftliches Arbeiten

@book{test,
 author = {Plattner, Hasso},
 year = {2011},
 title = {In-Memory Data Management: An Inflection Point for Enterprise Applications},
 address = {Berlin},
 publisher = {Springer Verlag},
 isbn = {978-3-642-19362-0}
}